2112 3588
276 150 398 228 232
482 166 1375 216 razzn'nauaznxrnvn.
1454 148 1894 228 11.419·3T420.'

412 313 552 369 LIX.
617 315 736 367 Vat.
773 307 916 368 Cod.'
938 332 991 381 p.
1034 314 1172 383 556.
1226 312 1530 371 „Distichon
1573 314 1700 379 hoc,
1755 313 1892 380 quod

287 399 490 470 &vulgo
536 399 695 452 tribus
733 395 1070 466 superioribus
1118 398 1389 464 adhaeret,
1440 400 1495 450 in
1539 400 1704 452 Codd.
1737 400 1891 449 etiarn

289 485 626 544 „Planudeae
653 483 715 536 ab
739 485 837 534 inis
868 480 1150 551 separatum
1177 482 1262 547 est,
1304 485 1460 534 immo
1485 484 1641 553 longo
1666 483 1889 534 diffitum

293 570 622 634 „intervallm
664 569 835 620 multis
861 569 1154 633 interjeain
1191 581 1250 620 ut
1275 568 1332 620 in
1359 570 1476 619 Vat.
1501 568 1632 620 Cod.
1668 564 1733 619 In
1759 567 1892 618 Flor.

296 655 570 712 „editione
599 671 628 703 a
654 649 910 720 superiore
934 648 1221 703 diffinitum
1234 650 1359 703 est.“
1383 651 1474 703 Br.
1491 677 1576 690 —·-
1619 653 1683 704 V.
1702 660 1755 702 2.
1779 656 1898 700 οΰδὴ

292 733 412 800 ἔχεις
433 739 547 789 ἴδιον.
582 737 712 789 nihil
738 736 831 788 tibi
854 737 1118 804 proprium
1150 748 1205 788 et
1239 737 1495 801 peculiare
1536 732 1810 787 reddidisti.

422 873 472 922 Ἡ.
503 861 675 936 420.]
716 865 825 919 Lx.
877 866 993 917 Vat.
1022 864 1151 919 cod.
1189 884 1240 934 p.
1280 864 1415 930 546.
1456 864 1750 917 auftotitate
1783 859 1898 915 Pat-

297 949 432 1004 ladae
457 951 730 1010 tribuitur;
769 948 923 1007 ἄδηλον
955 949 1026 1002 est
1057 951 1113 1002 in
1141 951 1282 1005 Plan.
1306 967 1356 1019 p.
1390 948 1526 1014 165.
1559 948 1630 999 St.
1662 949 1898 1016 240.W.

294 1038 549 1103 Scriptum
589 1038 644 1087 in
677 1033 1132 1106 jambographum,
1173 1037 1263 1104 qui
1297 1035 1555 1087 mordaces
1587 1030 1699 1087 suos
1735 1027 1898 1086 versus
1967 1052 1971 1054 ·

293 1137 482 1192 magna
504 1123 722 1187 pecunia
747 1121 1018 1172 vendebat.

414 1224 556 1280 LXI.
607 1228 669 1278 In
706 1227 822 1278 Vat.
862 1225 988 1279 Cod.
1020 1220 1345 1298 defideratur'.
1400 1223 1542 1275 Plan.
1578 1239 1626 1288 p.
1655 1220 1790 1288 376.
1823 1222 1900 1276 St.

291 1312 334 1378 ’ς
348 1322 440 1375 14
465 1314 550 1364 W.
581 1314 685 1366 ln
715 1309 954 1378 Geffium,
993 1309 1272 1374 rhetorem,
1306 1321 1366 1359 ut
1402 1309 1634 1368 videtur,
1672 1302 1758 1359 sed
1793 1319 1899 1357 tam

293 1397 604 1448 taciturnum
627 1406 681 1446 et
707 1395 978 1446 verborum
1006 1407 1268 1479 egentem,
1310 1405 1368 1443 ut
1404 1393 1527 1459 lapis
1552 1392 1718 1459 potius
1745 1407 1898 1459 quam

288 1477 450 1536 homo
475 1478 580 1532 effe
608 1479 884 1534 videretur.
938 1481 1053 1547 Jam
1083 1460 1342 1530 Phoebum
1373 1481 1426 1529 Ρ
1462 1488 1634 1545 rogat,
1666 1489 1724 1526 ut
1762 1475 1901 1526 hunc

292 1564 519 1631 lapidem
556 1560 882 1628 conspicatus,
923 1562 1125 1614 oraculo
1159 1561 1295 1624 edat,
1344 1561 1608 1628 cujusnam
1634 1557 1693 1612 fit
1725 1557 1903 1625 statua,

295 1662 352 1700 et
375 1665 529 1717 quem
556 1644 920 1716 repraesentet.

422 1743 584 1805 LXII.
631 1753 711 1805 Bis
749 1751 820 1803 est
858 1753 914 1802 'm
942 1754 1061 1804 Vat.
1094 1750 1226 1804 Cod.
1249 1769 1302 1820 p.
1334 1745 1554 1817 314.sq.
1605 1761 1658 1801 et
1679 1767 1729 1817 p.
1766 1758 1904 1814 5¹44.

293 1839 440 1893 Plan.
465 1855 512 1904 p.
548 1842 616 1897 18
633 1839 766 1890 1.St.
789 1837 1030 1898 265.W.
1073 1824 1184 1888 Hoe
1208 1837 1534 1906 Epigramma
1555 1847 1609 1885 et
1633 1830 1899 1900 sequentia

293 1938 460 1989 usque
485 1921 548 1972 ad
573 1923 796 1973 LXVIII.
818 1916 1003 1988 scripta
1026 1917 1140 1973 sunt
1165 1922 1220 1971 in
1245 1920 1466 1972 Geffium
1495 1919 1766 1988 quendam,
1807 1917 1898 1984 qui

294 2007 438 2059 vanis
474 2005 785 2056 hariolorum
800 2005 1071 2072 'promiffis
1113 2003 1354 2056 addufilus
1387 2004 1450 2055 ad
1480 1999 1793 2055 consulatum
1817 1995 1905 2053 ad-

293 2086 584 2163 spiraverat.
643 2092 762 2154 Qua
798 2090 864 2140 de
897 2085 1000 2158 spe,
1036 2107 1188 2156 quam
1227 2102 1423 2139 temere
1459 2089 1628 2139 animo
1662 2102 1907 2154 concepe-

296 2189 393 2238 rat,
433 2171 616 2226 mise-re
655 2173 909 2240 dejee’tum
947 2173 1171 2226 Palladas
1209 2175 1391 2225 acriter
1430 2162 1736 2242 perstringit.
1820 2173 1907 2221 De

298 2259 468 2313 Geffio
496 2255 622 2325 ipso
629 2276 734 2309 non
758 2250 873 2309 satis
899 2257 1103 2310 constat.
1153 2256 1422 2326 Opsbpoeus
1447 2255 1654 2323 quidem
1679 2253 1905 2306 eundem

300 2323 406 2395 effe
433 2345 594 2410 putat,
639 2355 795 2410 quem
829 2340 1001 2394 Suidas
1030 2345 1095 2395 T.
1130 2345 1172 2395 1.
1199 2359 1250 2408 p.
1276 2346 1421 2405 478.
1453 2340 1698 2390 eximium
1737 2338 1904 2389 medi-

301 2444 420 2479 cum
450 2423 622 2479 fuiffe
635 2439 691 2485 etj
727 2424 794 2476 ad
821 2425 1043 2478 honores
1079 2422 1362 2491 pervenisse
1391 2407 1571 2474 narrat.
1640 2426 1835 2475 Verum
1859 2422 1904 2473 is

301 2509 517 2565 Zenone
556 2511 841 2584 imperante
883 2509 1069 2569 floruit,
1107 2525 1260 2576 quem
1288 2508 1478 2560 constat
1512 2505 1744 2578 regnaffe
1781 2506 1906 2557 inde

301 2596 368 2647 ab
410 2613 545 2646 anno
585 2594 770 2662 474-
797 2602 939 2660 491.
1005 2592 1230 2644 Palladas
1272 2606 1442 2644 autern
1479 2605 1704 2644 exeunte
1738 2588 1904 2642 seculo

304 2692 505 2748 quarte,
540 2680 722 2746 quinto
761 2679 977 2729 ineunte
1008 2673 1216 2752 scripfit.
1245 2706 1328 2715 --
1381 2679 1447 2737 V.
1489 2689 1536 2728 1.
1588 2683 1610 2725 ὁ
1647 2696 1696 2726 σο
1676 2673 1819 2735 nonin
1821 2695 1906 2737 ρος.

300 2765 422 2818 Vat.
449 2764 576 2819 eod.
616 2764 726 2814 loco
751 2758 849 2815 sec.
884 2763 1014 2813 Flor.
1040 2779 1114 2829 pr.
1156 2774 1210 2813 et
1233 2761 1350 2815 Ald.
1380 2775 1431 2814 1.
1484 2781 1534 2810 n
1514 2758 1661 2821 σφω’τα
1663 2782 1755 2818 τος.
1783 2762 1903 2812 Vat.

273 2847 412 2900 ·loco
453 2866 525 2914 pr
565 2860 617 2898 et
650 2843 766 2899 Ald.
801 2861 854 2899 2·
883 2859 935 2910 3.
997 2846 1238 2898 Solonem
1274 2848 1702 2914 interpretantur,
1746 2859 1902 2911 quem

301 2940 376 2982 ἱνὸν
396 2942 480 2980 τῶν
508 2932 621 2984 ἑπτὰ
648 2941 787 2993 σοφῶν
814 2927 1067 2992 commemor
1093 2946 1234 2983 vocat
1262 2925 1447 2982 Plato
1434 2948 1489 2981 m
1518 2931 1728 2981 Timaeo
1743 2946 1790 2995 p.
1808 2938 1907 2977 20.

300 3017 370 3068 D.
406 3019 471 3068 T.
498 3020 579 3067 IX.
617 3033 668 3081 p.
693 3021 831 3077 287.
869 3016 947 3068 ed.
974 3013 1082 3082 Bip.
1139 3015 1348 3066 Chiloni
1382 3014 1521 3065 idem
1559 3013 1795 3083 adagium
1820 3010 1907 3061 tri·

300 3100 469 3158 buunt
489 3100 593 3150 alii.
650 3098 731 3153 Cf.
756 3100 973 3150 Plinium
999 3102 1065 3152 H.
1090 3103 1154 3151 N.
1183 3102 1299 3155 VII.
1331 3111 1424 3164 32.
1446 3117 1497 3165 p.
1529 3109 1666 3161 393.
1709 3108 1788 3159 et,
1817 3094 1907 3160 qui

238 3187 241 3191 ’
303 3179 605 3253 scriptorum
643 3184 702 3235 in
728 3182 824 3236 hoc
857 3185 1071 3253 aliisque
1108 3184 1249 3236 dietis
1276 3180 1478 3237 diverfis
1510 3171 1795 3234 austoribus
1823 3177 1912 3232 tri·
